<collection xmlns="http://www.loc.gov/MARC21/slim">
<record>
  <leader>03793nam0a2200637 i 450 </leader>
  <controlfield tag="001">IT\ICCU\CNCE\004584</controlfield>
  <controlfield tag="005">20161212000000.0</controlfield>
  <datafield tag="012" ind1=" " ind2=" ">
    <subfield code="a">      </subfield>
    <subfield code="2">fei</subfield>
    <subfield code="9">INR</subfield>
  </datafield>
  <datafield tag="100" ind1=" " ind2=" ">
    <subfield code="a">19970101d1535        0itac0103    ba</subfield>
  </datafield>
  <datafield tag="101" ind1=" " ind2=" ">
    <subfield code="a">GRC</subfield>
  </datafield>
  <datafield tag="102" ind1=" " ind2=" ">
    <subfield code="a">IT</subfield>
  </datafield>
  <datafield tag="200" ind1="1" ind2=" ">
    <subfield code="a">Opera quaedam b. Basilii Caesariensis episcopi. Tractatus ethicorum regula, siue ta asketika De virginitate Contra Eunomium Item Sermones &amp; Epistolae non nullae insertae in regula: quae omnia diligenter nunc primum impressa sunt</subfield>
  </datafield>
  <datafield tag="210" ind1=" " ind2=" ">
    <subfield code="a">Venetiis</subfield>
    <subfield code="c">per Stephanum De Sabio</subfield>
    <subfield code="c">sumptu expensis Damiani de Sancta Maria</subfield>
    <subfield code="d">1535 mensis Octobris</subfield>
  </datafield>
  <datafield tag="215" ind1=" " ind2=" ">
    <subfield code="a">\6!, 192 \i.e. 182! c.</subfield>
    <subfield code="d">fol</subfield>
  </datafield>
  <datafield tag="620" ind1=" " ind2=" ">
    <subfield code="a">IT</subfield>
    <subfield code="d">Venezia</subfield>
  </datafield>
  <datafield tag="700" ind1=" " ind2="0">
    <subfield code="a">Basilius</subfield>
    <subfield code="c"> : Magnus</subfield>
    <subfield code="c"> &lt;santo&gt;</subfield>
    <subfield code="3">IT\ICCU\CNCA\000216</subfield>
  </datafield>
  <datafield tag="712" ind1="0" ind2="0">
    <subfield code="a">Nicolini da Sabbio, Stefano</subfield>
    <subfield code="3">IT\ICCU\CNCT\000217</subfield>
    <subfield code="4">650</subfield>
  </datafield>
  <datafield tag="712" ind1="0" ind2="0">
    <subfield code="a">Santa Maria, Damiano</subfield>
    <subfield code="3">IT\ICCU\CNCT\000677</subfield>
    <subfield code="4">650</subfield>
  </datafield>
  <datafield tag="790" ind1=" " ind2="0">
    <subfield code="a">Basilius</subfield>
    <subfield code="c"> : Caesariensis</subfield>
    <subfield code="c"> &lt;santo&gt;</subfield>
    <subfield code="3">IT\ICCU\CNCA\007743</subfield>
    <subfield code="z">Basilius : Magnus &lt;santo&gt;</subfield>
  </datafield>
  <datafield tag="790" ind1=" " ind2="0">
    <subfield code="a">Basilio</subfield>
    <subfield code="c"> : il grande</subfield>
    <subfield code="c"> &lt;santo&gt;</subfield>
    <subfield code="3">IT\ICCU\CNCA\012742</subfield>
    <subfield code="z">Basilius : Magnus &lt;santo&gt;</subfield>
  </datafield>
  <datafield tag="791" ind1="0" ind2="0">
    <subfield code="a">Sabiensis, Stephanus</subfield>
    <subfield code="3">IT\ICCU\CNCT\002440</subfield>
    <subfield code="z">Nicolini da Sabbio, Stefano</subfield>
  </datafield>
  <datafield tag="791" ind1="0" ind2="0">
    <subfield code="a">Sabio, Stephanus a</subfield>
    <subfield code="3">IT\ICCU\CNCT\002441</subfield>
    <subfield code="z">Nicolini da Sabbio, Stefano</subfield>
  </datafield>
  <datafield tag="791" ind1="0" ind2="0">
    <subfield code="a">Nicolini, Stefano</subfield>
    <subfield code="3">IT\ICCU\CNCT\005125</subfield>
    <subfield code="z">Nicolini da Sabbio, Stefano</subfield>
  </datafield>
  <datafield tag="791" ind1="0" ind2="0">
    <subfield code="a">Nicolinus Sabiensis, Stephanus</subfield>
    <subfield code="3">IT\ICCU\CNCT\005126</subfield>
    <subfield code="z">Nicolini da Sabbio, Stefano</subfield>
  </datafield>
  <datafield tag="791" ind1="0" ind2="0">
    <subfield code="a">Sancta Maria, Damianus de</subfield>
    <subfield code="3">IT\ICCU\CNCT\005559</subfield>
    <subfield code="z">Santa Maria, Damiano</subfield>
  </datafield>
  <datafield tag="801" ind1=" " ind2="3">
    <subfield code="a">IT</subfield>
    <subfield code="b">ICCU</subfield>
    <subfield code="c">20201113</subfield>
  </datafield>
  <datafield tag="899" ind1=" " ind2=" ">
    <subfield code="a">Biblioteca del Seminario vescovile. Osimo</subfield>
    <subfield code="1">AN0056</subfield>
    <subfield code="2">PBE D3</subfield>
  </datafield>
  <datafield tag="899" ind1=" " ind2=" ">
    <subfield code="a">Biblioteca civica A. Mai. Bergamo</subfield>
    <subfield code="1">BG0026</subfield>
    <subfield code="2">LO1 02</subfield>
  </datafield>
  <datafield tag="899" ind1=" " ind2=" ">
    <subfield code="a">Biblioteca Arcivescovile. Bologna</subfield>
    <subfield code="1">BO0639</subfield>
    <subfield code="2">PBE G5</subfield>
  </datafield>
  <datafield tag="899" ind1=" " ind2=" ">
    <subfield code="a">Biblioteca civica Queriniana. Brescia</subfield>
    <subfield code="1">BS0026</subfield>
    <subfield code="2">ZBS 01</subfield>
  </datafield>
  <datafield tag="899" ind1=" " ind2=" ">
    <subfield code="a">Biblioteca universitaria. Cagliari</subfield>
    <subfield code="1">CA0194</subfield>
    <subfield code="2">CAG UC</subfield>
  </datafield>
  <datafield tag="899" ind1=" " ind2=" ">
    <subfield code="a">Biblioteca del Collegio Gallio dei Padri Somaschi. Como</subfield>
    <subfield code="1">CO0058</subfield>
    <subfield code="2">ZCO 02</subfield>
  </datafield>
  <datafield tag="899" ind1=" " ind2=" ">
    <subfield code="a">Biblioteca Apostolica Vaticana. Citt ̉del Vaticano</subfield>
    <subfield code="1">EX0001</subfield>
    <subfield code="2">ZCV 01</subfield>
  </datafield>
  <datafield tag="899" ind1=" " ind2=" ">
    <subfield code="a">Biblioteca Medicea Laurenziana. Firenze</subfield>
    <subfield code="1">FI0100</subfield>
    <subfield code="2">CFI ML</subfield>
  </datafield>
  <datafield tag="899" ind1=" " ind2=" ">
    <subfield code="a">Biblioteca Ambrosiana. Milano</subfield>
    <subfield code="1">MI0133</subfield>
    <subfield code="2">VBA 01</subfield>
  </datafield>
  <datafield tag="899" ind1=" " ind2=" ">
    <subfield code="a">Biblioteca nazionale Braidense. Milano</subfield>
    <subfield code="1">MI0185</subfield>
    <subfield code="2">MIL NB</subfield>
  </datafield>
  <datafield tag="899" ind1=" " ind2=" ">
    <subfield code="a">Biblioteca universitaria. Napoli</subfield>
    <subfield code="1">NA0070</subfield>
    <subfield code="2">NAP BU</subfield>
  </datafield>
  <datafield tag="899" ind1=" " ind2=" ">
    <subfield code="a">Biblioteca nazionale Vittorio Emanuele III. Napoli</subfield>
    <subfield code="1">NA0079</subfield>
    <subfield code="2">NAP BN</subfield>
  </datafield>
  <datafield tag="899" ind1=" " ind2=" ">
    <subfield code="a">Biblioteca universitaria. Pavia</subfield>
    <subfield code="1">PV0291</subfield>
    <subfield code="2">MIL UP</subfield>
  </datafield>
  <datafield tag="899" ind1=" " ind2=" ">
    <subfield code="a">Biblioteca comunale Pietro De Nava. Reggio Calabria</subfield>
    <subfield code="z">MUTILO</subfield>
    <subfield code="1">RC0058</subfield>
    <subfield code="2">RCA RN</subfield>
  </datafield>
  <datafield tag="899" ind1=" " ind2=" ">
    <subfield code="a">Biblioteca provinciale dei frati minori Cappuccini (in deposito presso la Biblioteca provinciale dei frati minori Cappuccini di Bologna). Reggio Emilia</subfield>
    <subfield code="1">RE0051</subfield>
    <subfield code="2">PBE 07</subfield>
  </datafield>
  <datafield tag="899" ind1=" " ind2=" ">
    <subfield code="a">Biblioteca  Panizzi. Reggio Emilia</subfield>
    <subfield code="1">RE0052</subfield>
    <subfield code="2">RE2 PA</subfield>
  </datafield>
  <datafield tag="899" ind1=" " ind2=" ">
    <subfield code="a">Biblioteca nazionale centrale. Roma</subfield>
    <subfield code="1">RM0267</subfield>
    <subfield code="2">BVE CR</subfield>
  </datafield>
  <datafield tag="899" ind1=" " ind2=" ">
    <subfield code="a">Biblioteca Vallicelliana. Roma</subfield>
    <subfield code="1">RM0281</subfield>
    <subfield code="2">RML 08</subfield>
  </datafield>
  <datafield tag="899" ind1=" " ind2=" ">
    <subfield code="a">Biblioteca Angelica. Roma</subfield>
    <subfield code="1">RM0290</subfield>
    <subfield code="2">RML 06</subfield>
  </datafield>
  <datafield tag="899" ind1=" " ind2=" ">
    <subfield code="a">Biblioteca Casanatense. Roma</subfield>
    <subfield code="1">RM0313</subfield>
    <subfield code="2">RML 07</subfield>
  </datafield>
  <datafield tag="899" ind1=" " ind2=" ">
    <subfield code="a">Biblioteca dell&apos;Accademia nazionale dei Lincei e Corsiniana. Roma</subfield>
    <subfield code="1">RM0418</subfield>
    <subfield code="2">RML 10</subfield>
  </datafield>
  <datafield tag="899" ind1=" " ind2=" ">
    <subfield code="a">Biblioteca statale del Monumento nazionale S. Scolastica. Subiaco</subfield>
    <subfield code="1">RM0602</subfield>
    <subfield code="2">BVE SU</subfield>
  </datafield>
  <datafield tag="899" ind1=" " ind2=" ">
    <subfield code="a">Biblioteca diocesana. Ivrea</subfield>
    <subfield code="1">TO0111</subfield>
    <subfield code="2">TO0 92</subfield>
  </datafield>
  <datafield tag="899" ind1=" " ind2=" ">
    <subfield code="a">British Library. London</subfield>
    <subfield code="1">UK0001</subfield>
  </datafield>
  <datafield tag="899" ind1=" " ind2=" ">
    <subfield code="a">Biblioteca nazionale Marciana. Venezia</subfield>
    <subfield code="1">VE0049</subfield>
    <subfield code="2">VEA BM</subfield>
  </datafield>
  <datafield tag="899" ind1=" " ind2=" ">
    <subfield code="a">Biblioteca capitolare. Verona</subfield>
    <subfield code="1">VR0056</subfield>
    <subfield code="2">VIA VC</subfield>
  </datafield>
  <datafield tag="899" ind1=" " ind2=" ">
    <subfield code="a">Biblioteca civica. Verona</subfield>
    <subfield code="1">VR0059</subfield>
    <subfield code="2">ZVR 02</subfield>
  </datafield>
  <datafield tag="899" ind1=" " ind2=" ">
    <subfield code="a">Biblioteca del Seminario vescovile. Verona</subfield>
    <subfield code="1">VR0061</subfield>
    <subfield code="2">PBE 83</subfield>
  </datafield>
  <datafield tag="911" ind1=" " ind2=" ">
    <subfield code="a">Sul front.</subfield>
    <subfield code="9">IT\ICCU\CNCM\000161</subfield>
  </datafield>
  <datafield tag="921" ind1=" " ind2=" ">
    <subfield code="a">IT\ICCU\CNCM\000161</subfield>
    <subfield code="b">Corona che sormonta un ponte. Sulla fascia la scritta: Sabio</subfield>
    <subfield code="c">T35</subfield>
    <subfield code="c">V419</subfield>
    <subfield code="c">Z387</subfield>
    <subfield code="f">CORONA</subfield>
    <subfield code="f">SABIO</subfield>
    <subfield code="g">1534-1547</subfield>
  </datafield>
</record>
</collection>
